% Encoding: UTF-8

@Manual{Berg2016,
  title =        {{The Title of the Work}},
  author =       {Jaxen Berg},
  organization = {{The Organization}},
  address =      {The address of the publisher},
  edition =      {3rd},
  month =        {7},
  year =         {2016},
  owner =        {YufenChun},
  timestamp =    {2017.07.01}
}

@Conference{Collins2016,
  author =       {Jerry Collins},
  title =        {{The Title of the Work}},
  booktitle =    {{The Title of the Book}},
  year =         {2016},
  editor =       {The editor},
  volume =       {4},
  series =       {5},
  pages =        {213},
  address =      {The address of the publisher},
  month =        {7},
  organization = {{The Organization}},
  publisher =    {{The Publisher}},
  owner =        {YufenChun},
  timestamp =    {2017.07.01}
}

@Article{Graham2016,
  author =    {Daniel Graham},
  title =     {{The Title of the Work}},
  journal =   {{The Name of the Journal}},
  year =      {2016},
  volume =    {4},
  number =    {2},
  pages =     {201 -- 213},
  month =     {7},
  owner =     {YufenChun},
  timestamp = {2017.07.01}
}

@Book{Grant2016,
  title =     {{The Title of the Work}},
  publisher = {{The Name of the Publisher}},
  year =      {2016},
  author =    {Corey Grant},
  volume =    {4},
  series =    {10},
  address =   {The address},
  edition =   {3rd},
  month =     {7},
  isbn =      {3257227892},
  owner =     {YufenChun},
  timestamp = {2017.07.01}
}

@InCollection{Haney2016,
  author =    {Bowen Haney},
  title =     {{The Title of the Work}},
  booktitle = {{The Title of the Book}},
  publisher = {{The Name of the Publisher}},
  year =      {2016},
  editor =    {The editor},
  volume =    {4},
  series =    {5},
  chapter =   {8},
  pages =     {201 -- 213},
  address =   {The address of the publisher},
  edition =   {3},
  month =     {7},
  owner =     {YufenChun},
  timestamp = {2017.07.01}
}

@Booklet{Jordan2016,
  title =        {{The Title of the Work}},
  author =       {Malik Jordan},
  howpublished = {How it was published},
  address =      {The address of the publisher},
  month =        {7},
  year =         {2016},
  owner =        {YufenChun},
  timestamp =    {2017.07.01}
}

@PhdThesis{Morgan2016,
  author =    {Aaron Morgan},
  title =     {{The Title of the Work}},
  school =    {{The School where the Thesis was Written}},
  year =      {2016},
  address =   {The address of the publisher},
  month =     {7},
  owner =     {YufenChun},
  timestamp = {2017.07.01}
}

@Unpublished{Scott2016,
  author =    {Leo Scott},
  title =     {{The Title of the Work}},
  month =     {7},
  year =      {2016},
  owner =     {YufenChun},
  timestamp = {2017.07.01}
}

@TechReport{Stewart2016,
  author =      {Jamie Stewart},
  title =       {{The Title of the Work}},
  institution = {{The Institution that Published It}},
  year =        {2016},
  number =      {2},
  address =     {The address of the publisher},
  month =       {7},
  owner =       {YufenChun},
  timestamp =   {2017.07.01}
}

@MastersThesis{Wells2016,
  author =    {Kayden Wells},
  title =     {{The Title of the Work}},
  school =    {{The School Where the Thesis was Written}},
  year =      {2016},
  address =   {The address of the publisher},
  month =     {7},
  owner =     {YufenChun},
  timestamp = {2017.07.01}
}

@InBook{Williamson2016,
  chapter =   {8},
  pages =     {201 -- 213},
  title =     {{The Title of the Work}},
  publisher = {{The Name of the Publisher}},
  year =      {2016},
  author =    {Konnor Williamson},
  volume =    {4},
  series =    {5},
  address =   {The address of the publisher},
  edition =   {3rd},
  month =     {7},
  owner =     {YufenChun},
  timestamp = {2017.07.01}
}

@Proceedings{Gallagher2016,
  title =        {{The Title of the Work}},
  year =         {2016},
  editor =       {Frankie Gallagher},
  volume =       {4},
  series =       {5},
  address =      {The address of the publisher},
  publisher =    {{The Name of the Publisher}},
  month =        {7},
  organization = {The organization},
  owner =        {YufenChun},
  timestamp =    {2017.07.01}
}
